@article{ninomiya1988,
    author = {Ninomiya, Reiko and Higuchi, Yukiko},
    date = {1988},
    journaltitle = {Ningen-Kougaku},
    title = {Individual Difference Analysis of Fashion Image Shapes},
    number = {1},
    volume = {24},
    pages = {43--51}
}

@article{kawasima1996,
    author = {Kawasima, Kenta and Mori, Taro and Kawamori, Naoko},
    date = {1996},
    journaltitle = {Journal of the Japan Research Association for Kansei},
    title = {Buying behavior of Female Students Relating to the Type of Food},
    number = {1},
    volume = {37},
    pages = {39--44}
}

@article{kato2000,
    author = {Kate, Yuki and Hashiba, Rei},
    date = {2000},
    journaltitle = {Kansei Engineering International},
    title = {Multi-dimensional Analysis of Similarity Judgments of Papers},
    number = {5},
    volume = {3},
    pages = {49--55}
}
